<record><leader>00000cas a22000007a 4500</leader><controlfield tag="001">41569959</controlfield><controlfield tag="008">990618d191u1920sduwr ne      0    0eng d</controlfield><datafield ind1=" " ind2=" " tag="010"><subfield code="a">sn 99068108 </subfield></datafield><datafield ind1=" " ind2=" " tag="040"><subfield code="a">SXN</subfield><subfield code="b">eng</subfield><subfield code="c">SXN</subfield><subfield code="d">OCLCQ</subfield><subfield code="d">OCLCO</subfield></datafield><datafield ind1=" " ind2=" " tag="042"><subfield code="a">msc</subfield></datafield><datafield ind1=" " ind2=" " tag="043"><subfield code="a">n-us-sd</subfield></datafield><datafield ind1="0" ind2="4" tag="245"><subfield code="a">The Lily leader.</subfield></datafield><datafield ind1=" " ind2=" " tag="260"><subfield code="a">Lily, S. Dak. :</subfield><subfield code="b">Leader Print. Co.</subfield></datafield><datafield ind1=" " ind2=" " tag="300"><subfield code="a">v.</subfield></datafield><datafield ind1=" " ind2=" " tag="310"><subfield code="a">Weekly</subfield></datafield><datafield ind1="1" ind2=" " tag="362"><subfield code="a">Ceased in 1920.</subfield></datafield><datafield ind1=" " ind2=" " tag="530"><subfield code="a">Available on microfilm from: State Archives, South Dakota State Historical Society.</subfield></datafield><datafield ind1=" " ind2=" " tag="580"><subfield code="a">Merged with: Day County news, to form: Day County news and Lily leader.</subfield></datafield><datafield ind1=" " ind2=" " tag="588"><subfield code="a">Description based on: Vol. 4, no. 35 (Jan. 18, 1918).</subfield></datafield><datafield ind1=" " ind2="0" tag="651"><subfield code="a">Lily (S.D.)</subfield><subfield code="v">Newspapers.</subfield></datafield><datafield ind1=" " ind2="0" tag="651"><subfield code="a">Day County (S.D.)</subfield><subfield code="v">Newspapers.</subfield></datafield><datafield ind1=" " ind2=" " tag="752"><subfield code="a">United States</subfield><subfield code="b">South Dakota</subfield><subfield code="c">Day</subfield><subfield code="d">Lily.</subfield></datafield><datafield ind1="1" ind2="7" tag="785"><subfield code="t">Day County news</subfield><subfield code="w">(DLC)sn 99068109</subfield></datafield><datafield ind1="1" ind2="7" tag="785"><subfield code="t">Day County news and Lily leader</subfield><subfield code="w">(DLC)sn 99068110</subfield></datafield></record>